@article{efron1998ra,
  title={RA Fisher in the 21st century},
  author={Efron, Bradley},
  journal={Statistical Science},
  pages={95--114},
  year={1998},
  publisher={JSTOR}
}
@article{pearson1939karl,
  title={Karl Pearson},
  author={Pearson, ES},
  journal={Biometrika},
  volume={28},
  pages={13},
  year={1939},
  publisher={JSTOR}
}
@misc{deschenes2000origin,
  title={Origin 6.0: Scientific Data Analysis and Graphing Software Origin Lab Corporation (formerly Microcal Software, Inc.). Web site: www. originlab. com. Commercial price: 595.Academicprice: 446},
  author={Deschenes, Laura A and David A. Vanden BoutUniversity of Texas, Austin},
  year={2000},
  publisher={ACS Publications}
}
@article{chernov2004statistical,
  title={Statistical efficiency of curve fitting algorithms},
  author={Chernov, Nikolai and Lesort, Claire},
  journal={Computational statistics \& data analysis},
  volume={47},
  number={4},
  pages={713--728},
  year={2004},
  publisher={Elsevier}
}
@incollection{duch2006filter,
  title={Filter methods},
  author={Duch, W{\l}odzis{\l}aw},
  booktitle={Feature extraction: foundations and applications},
  pages={89--117},
  year={2006},
  publisher={Springer}
}
@article{kim1982polynomial,
  title={Polynomial fit of interferograms},
  author={Kim, C-J},
  journal={Applied optics},
  volume={21},
  number={24},
  pages={4521--4525},
  year={1982},
  publisher={Optica Publishing Group}
}
@article{magnani2009convex,
  title={Convex piecewise-linear fitting},
  author={Magnani, Alessandro and Boyd, Stephen P},
  journal={Optimization and Engineering},
  volume={10},
  pages={1--17},
  year={2009},
  publisher={Springer}
}
@inproceedings{plass1983curve,
  title={Curve-fitting with piecewise parametric cubics},
  author={Plass, Michael and Stone, Maureen},
  booktitle={Proceedings of the 10th annual conference on Computer Graphics and Interactive Techniques},
  pages={229--239},
  year={1983}
}
@article{chernov2014fitting,
  title={Fitting quadratic curves to data points},
  author={Chernov, N and Huang, Q and Ma, H},
  journal={Br. J. Math. Comput. Sci},
  volume={4},
  number={1},
  pages={33--60},
  year={2014}
}
@book{ixaru2004exponential,
  title={Exponential fitting},
  author={Ixaru, Liviu Gr and Berghe, Guido Vanden},
  volume={568},
  year={2004},
  publisher={Springer Science \& Business Media}
}
@article{carroll1984power,
  title={Power transformations when fitting theoretical models to data},
  author={Carroll, Raymond J and Ruppert, David},
  journal={Journal of the American Statistical Association},
  volume={79},
  number={386},
  pages={321--328},
  year={1984},
  publisher={Taylor \& Francis}
}
@article{nelder1961fitting,
  title={The fitting of a generalization of the logistic curve},
  author={Nelder, JA},
  journal={Biometrics},
  volume={17},
  number={1},
  pages={89--110},
  year={1961},
  publisher={JSTOR}
}
@article{gauch1974fitting,
  title={Fitting the Gaussian curve to ecological data},
  author={Gauch Jr, Hugh G and Chase, Gene B},
  journal={Ecology},
  volume={55},
  number={6},
  pages={1377--1381},
  year={1974},
  publisher={Wiley Online Library}
}
@article{voight,
  title={Spectral curve fitting for automatic hyperspectral data analysis},
  author={Brown, Adrian J},
  journal={IEEE Transactions on Geoscience and Remote Sensing},
  volume={44},
  number={6},
  pages={1601--1608},
  year={2006},
  publisher={IEEE}
}
@article{deaves1997fitting,
  title={On the fitting of low mean windspeed data to the Weibull distribution},
  author={Deaves, DM and Lines, IG},
  journal={Journal of Wind Engineering and Industrial Aerodynamics},
  volume={66},
  number={3},
  pages={169--178},
  year={1997},
  publisher={Elsevier}
}
@article{jain2018gaussian,
  title={The Gaussian-Lorentzian Sum, Product, and Convolution (Voigt) functions in the context of peak fitting X-ray photoelectron spectroscopy (XPS) narrow scans},
  author={Jain, Varun and Biesinger, Mark C and Linford, Matthew R},
  journal={Applied Surface Science},
  volume={447},
  pages={548--553},
  year={2018},
  publisher={Elsevier}
}
@article{swillens2008revisiting,
  title={Revisiting the sigmoidal curve fitting applied to quantitative real-time PCR data},
  author={Swillens, St{\'e}phane and Dessars, Barbara and El Housni, Hakim},
  journal={Analytical biochemistry},
  volume={373},
  number={2},
  pages={370--376},
  year={2008},
  publisher={Elsevier}
}
@article{gadagkar2015computational,
  title={Computational tools for fitting the Hill equation to dose--response curves},
  author={Gadagkar, Sudhindra R and Call, Gerald B},
  journal={Journal of Pharmacological and Toxicological methods},
  volume={71},
  pages={68--76},
  year={2015},
  publisher={Elsevier}
}
@article{franses1994fitting,
  title={Fitting a Gompertz curve},
  author={Franses, Philip Hans},
  journal={Journal of the operational research society},
  volume={45},
  number={1},
  pages={109--113},
  year={1994},
  publisher={Taylor \& Francis}
}
@article{toulias2016fitting,
  title={Fitting the michaelis--menten model},
  author={Toulias, Thomas L and Kitsos, Christos P},
  journal={Journal of Computational and Applied Mathematics},
  volume={296},
  pages={303--319},
  year={2016},
  publisher={Elsevier}
}
@article{stolwijk1999studying,
  title={Studying seasonality by using sine and cosine functions in regression analysis.},
  author={Stolwijk, AM and Straatman, HMPM and Zielhuis, GA},
  journal={Journal of Epidemiology \& Community Health},
  volume={53},
  number={4},
  pages={235--238},
  year={1999},
  publisher={BMJ Publishing Group Ltd}
}
@article{abuelma1993simple,
  title={A simple algorithm for fitting measured data to Fourier-series models},
  author={Abuelma'atti, Muhammad Taher},
  journal={Integrated Education},
  volume={24},
  number={1},
  pages={107--112},
  year={1993},
  publisher={Taylor \& Francis}
}
@article{ruppert2000theory,
  title={Theory \& methods: Spatially-adaptive penalties for spline fitting},
  author={Ruppert, David and Carroll, Raymond J},
  journal={Australian \& New Zealand Journal of Statistics},
  volume={42},
  number={2},
  pages={205--223},
  year={2000},
  publisher={Wiley Online Library}
}
@article{madden1978comments,
  title={Comments on the Savitzky-Golay convolution method for least-squares-fit smoothing and differentiation of digital data},
  author={Madden, Hannibal H},
  journal={Analytical chemistry},
  volume={50},
  number={9},
  pages={1383--1386},
  year={1978},
  publisher={ACS Publications}
}
@article{yxlowess,
  title={LOWESS SMOOTH},
  author={YX, LOWESS SMOOTH and DAY, LOWESS SMOOTH CONC and CONC, LOWESS SMOOTH},
  publisher={Citeseer}
}
@article{golestan2013moving,
  title={Moving average filter based phase-locked loops: Performance analysis and design guidelines},
  author={Golestan, Saeed and Ramezani, Malek and Guerrero, Josep M and Freijedo, Francisco D and Monfared, Mohammad},
  journal={IEEE Transactions on Power Electronics},
  volume={29},
  number={6},
  pages={2750--2763},
  year={2013},
  publisher={IEEE}
}
@article{schafer2011savitzky,
  title={What is a Savitzky-Golay filter?[lecture notes]},
  author={Schafer, Ronald W},
  journal={IEEE Signal processing magazine},
  volume={28},
  number={4},
  pages={111--117},
  year={2011},
  publisher={IEEE}
}
@article{brownrigg1984weighted,
  title={The weighted median filter},
  author={Brownrigg, David RK},
  journal={Communications of the ACM},
  volume={27},
  number={8},
  pages={807--818},
  year={1984},
  publisher={ACM New York, NY, USA}
}
@article{berger2004optimized,
  title={Optimized LOWESS normalization parameter selection for DNA microarray data},
  author={Berger, John A and Hautaniemi, Sampsa and J{\"a}rvinen, Anna-Kaarina and Edgren, Henrik and Mitra, Sanjit K and Astola, Jaakko},
  journal={BMC bioinformatics},
  volume={5},
  pages={1--13},
  year={2004},
  publisher={Springer}
}
@article{cameron1999general,
  title={General coupling matrix synthesis methods for Chebyshev filtering functions},
  author={Cameron, Richard J},
  journal={IEEE transactions on microwave theory and techniques},
  volume={47},
  number={4},
  pages={433--442},
  year={1999},
  publisher={IEEE}
}
@article{selesnick1998generalized,
  title={Generalized digital Butterworth filter design},
  author={Selesnick, Ivan W and Burrus, C Sidney},
  journal={IEEE Transactions on signal processing},
  volume={46},
  number={6},
  pages={1688--1694},
  year={1998},
  publisher={IEEE}
}
@article{wang2012research,
  title={Research on denoising fluorescence signal of sulfur dioxide by Boxcar filter},
  author={Wang, Yu-Tian and Jian, Xiong and Wang, Hui-Xin and Yan, Bing and others},
  journal={Spectroscopy and Spectral Analysis},
  volume={32},
  number={12},
  pages={3285--3289},
  year={2012},
  publisher={Editorial Office, Spectroscopy and Spectral Analysis}
}
@article{ito2000gaussian,
  title={Gaussian filters for nonlinear filtering problems},
  author={Ito, Kazufumi and Xiong, Kaiqi},
  journal={IEEE transactions on automatic control},
  volume={45},
  number={5},
  pages={910--927},
  year={2000},
  publisher={IEEE}
}
@article{khan2016importance,
  title={Importance of high order high pass and low pass filters},
  author={Khan, MDNH and Alam, MDM and Masud, MDA and Amin, AA},
  journal={World Applied Sciences Journal},
  volume={34},
  number={9},
  pages={1261--1268},
  year={2016}
}
@article{mcdonald2020exponential,
  title={Exponential filter stability via Dobrushinâ€™s coefficient},
  author={McDonald, Curtis and Y{\"u}ksel, Serdar},
  year={2020}
}
@article{friedman1955forms,
  title={Forms of the Plot},
  author={Friedman, Norman},
  journal={The Journal of General Education},
  volume={8},
  number={4},
  pages={241--253},
  year={1955},
  publisher={JSTOR}
}
@article{sonning2023drawing,
  title={Drawing on principles of perception: The line plot},
  author={S{\"o}nning, Lukas},
  year={2023},
  publisher={Otto-Friedrich-Universit{\"a}t}
}
@article{talbot2014four,
  title={Four experiments on the perception of bar charts},
  author={Talbot, Justin and Setlur, Vidya and Anand, Anushka},
  journal={IEEE transactions on visualization and computer graphics},
  volume={20},
  number={12},
  pages={2152--2160},
  year={2014},
  publisher={IEEE}
}
@inproceedings{franklin2003pie,
  title={Pie chart sonification},
  author={Franklin, Keith Michael and Roberts, Jonathan C},
  booktitle={Proceedings on Seventh International Conference on Information Visualization, 2003. IV 2003.},
  pages={4--9},
  year={2003},
  organization={IEEE}
}
@article{fillbetween ,
  title={Package â€˜sprevalâ€™},
  author={Grabow, Maintainer Garry},
  year={2022}
}
@article{stuart2024sea,
  title={Sea stack plots: Replacing bar charts with histograms},
  author={Stuart, Alice Dorothy and Ili{\'c}, Maja and Simmons, Benno I and Sutherland, William J},
  journal={Ecology and Evolution},
  volume={14},
  number={4},
  pages={e11237},
  year={2024},
  publisher={Wiley Online Library}
}
@article{bouille1976graph,
  title={Graph theory and digitization of geological maps},
  author={Bouille, F},
  journal={Journal of the International Association for Mathematical Geology},
  volume={8},
  pages={375--393},
  year={1976},
  publisher={Springer}
}
@inproceedings{mehata2019real,
  title={Real Time Data Plotting Tool Using Open Source Platform like Raspberry Pi and Python},
  author={Mehata, Shruti and Linus, Leo and Vinayakvitthal, Lakshmi},
  booktitle={2019 Global Conference for Advancement in Technology (GCAT)},
  pages={1--4},
  year={2019},
  organization={IEEE}
}
@article{zhang2016overview,
  title={Overview of sequence data formats},
  author={Zhang, Hongen},
  journal={Statistical genomics: Methods and protocols},
  pages={3--17},
  year={2016},
  publisher={Springer}
}
@book{szabados1990interpolation,
  title={Interpolation of functions},
  author={Szabados, J{\'o}zsef and others},
  year={1990},
  publisher={World Scientific}
}


@article{arduino2015arduino,
  title={Arduino},
  author={Arduino, Store Arduino},
  journal={Arduino LLC},
  volume={372},
  year={2015}
}










@book{wickham2016data,
  title={Data analysis},
  author={Wickham, Hadley and Wickham, Hadley},
  year={2016},
  publisher={Springer}
}
@book{wickham2023r,
  title={R for data science},
  author={Wickham, Hadley and {\c{C}}etinkaya-Rundel, Mine and Grolemund, Garrett},
  year={2023},
  publisher={" O'Reilly Media, Inc."}
}

@online{wiki:GitHub,
  author = {Wikipedia},
  title = {GitHub},
  year = {2024},
  url = {https://en.wikipedia.org/wiki/GitHub}
}
@online{qt-blog,
    author = {Qt},
    title = {Python \& Qt: 3000 Hours of Developer Insight},
    year = {2018},
    url = {https://www.qt.io/blog/2018/11/15/python-qt-3000-hours-developer-insight}
}
@Article{Hunter:2007,
  Author    = {Hunter, J. D.},
  Title     = {Matplotlib: A 2D graphics environment},
  Journal   = {Computing in Science \& Engineering},
  Volume    = {9},
  Number    = {3},
  Pages     = {90--95},
  abstract  = {Matplotlib is a 2D graphics package used for Python for
  application development, interactive scripting, and publication-quality
  image generation across user interfaces and operating systems.},
  publisher = {IEEE COMPUTER SOC},
  doi       = {10.1109/MCSE.2007.55},
  year      = 2007
}
@online{vim,
  title = {Neovim GitHub Repository},
  url = {https://github.com/neovim/neovim}
}
@online{qtcreator,
  author = {{Qt Company}},
  title = {Qt Creator Manual},
  year = {2024},
  url = {https://doc.qt.io/qtcreator/}
}
@online{hugoStaticSiteGenerator,
  title = {The worldâ€™s fastest framework for building websites},
  author = {Hugo},
  year = {2023},
  url = {https://gohugo.io/}
}
@online{netlify,
  title = {Netlify: Develop \& deploy the best web experiences in record time},
  url = {https://www.netlify.com/},
  year = {2024}
}


